
@inproceedings{deitsFootstepPlanningUneven2014,
  title = {Footstep Planning on Uneven Terrain with Mixed-Integer Convex Optimization},
  booktitle = {2014 {{IEEE}}-{{RAS}} International Conference on Humanoid Robots},
  author = {Deits, Robin and Tedrake, Russ},
  date = {2014},
  pages = {279--286},
  publisher = {{IEEE}},
  file = {D\:\\Zotero\\documents and data\\storage\\VUVXBZ3C\\Deits 和 Tedrake - 2014 - Footstep planning on uneven terrain with mixed-int.pdf;D\:\\Zotero\\documents and data\\storage\\AXQKYSPV\\7041373.html}
}

@inproceedings{englsbergerThreedimensionalBipedalWalking2013,
  title = {Three-Dimensional Bipedal Walking Control Using Divergent Component of Motion},
  booktitle = {2013 {{IEEE}}/{{RSJ International Conference}} on {{Intelligent Robots}} and {{Systems}}},
  author = {Englsberger, Johannes and Ott, Christian and Albu-Schäffer, Alin},
  date = {2013},
  pages = {2600--2607},
  publisher = {{IEEE}},
  file = {D\:\\Zotero\\documents and data\\storage\\3USM8DCP\\Englsberger 等。 - 2013 - Three-dimensional bipedal walking control using di.pdf;D\:\\Zotero\\documents and data\\storage\\ZXU7ATHJ\\6696723.html}
}

@inproceedings{sugiharaRealtimeHumanoidMotion2002,
  title = {Real-Time Humanoid Motion Generation through {{ZMP}} Manipulation Based on Inverted Pendulum Control},
  booktitle = {Proceedings 2002 {{IEEE International Conference}} on {{Robotics}} and {{Automation}} ({{Cat}}. {{No}}. {{02CH37292}})},
  author = {Sugihara, Tomomichi and Nakamura, Yoshihiko and Inoue, Hirochika},
  date = {2002},
  volume = {2},
  pages = {1404--1409},
  publisher = {{IEEE}},
  file = {D\:\\Zotero\\documents and data\\storage\\F28SVPLH\\Sugihara 等。 - 2002 - Real-time humanoid motion generation through ZMP m.pdf;D\:\\Zotero\\documents and data\\storage\\MWGBZX86\\1014740.html}
}


